<record><leader>00000cas a22000007a 4500</leader><controlfield tag="001">43060456</controlfield><controlfield tag="008">991218d19831984inuwr ne      0    0eng d</controlfield><datafield ind1=" " ind2=" " tag="010"><subfield code="a">sn 99063526 </subfield></datafield><datafield ind1=" " ind2=" " tag="040"><subfield code="a">NPI</subfield><subfield code="b">eng</subfield><subfield code="c">NPI</subfield><subfield code="d">OCLCF</subfield><subfield code="d">OCLCO</subfield><subfield code="d">IUL</subfield><subfield code="d">OCL</subfield></datafield><datafield ind1=" " ind2=" " tag="042"><subfield code="a">msc</subfield></datafield><datafield ind1=" " ind2=" " tag="043"><subfield code="a">n-us-in</subfield></datafield><datafield ind1="0" ind2=" " tag="130"><subfield code="a">Kokomo herald newspaper (Kokomo, Ind. : 1983)</subfield></datafield><datafield ind1="0" ind2="4" tag="245"><subfield code="a">The Kokomo herald newspaper.</subfield></datafield><datafield ind1=" " ind2=" " tag="260"><subfield code="a">Kokomo, Ind. :</subfield><subfield code="b">Midge Janner,</subfield><subfield code="c">1983-1984.</subfield></datafield><datafield ind1=" " ind2=" " tag="300"><subfield code="a">1 v. :</subfield><subfield code="b">ill.</subfield></datafield><datafield ind1=" " ind2=" " tag="310"><subfield code="a">Weekly</subfield></datafield><datafield ind1="0" ind2=" " tag="362"><subfield code="a">Vol 13, no. 33 [i.e. 34] (Nov. 11, 1983)-v. 13, no. 47 (Feb. 23, 1984).</subfield></datafield><datafield ind1=" " ind2="0" tag="651"><subfield code="a">Kokomo (Ind.)</subfield><subfield code="v">Newspapers.</subfield></datafield><datafield ind1=" " ind2="0" tag="651"><subfield code="a">Howard County (Ind.)</subfield><subfield code="v">Newspapers.</subfield></datafield><datafield ind1=" " ind2="7" tag="651"><subfield code="a">Indiana</subfield><subfield code="z">Howard County.</subfield><subfield code="2">fast</subfield><subfield code="0">(OCoLC)fst01217817</subfield></datafield><datafield ind1=" " ind2="7" tag="651"><subfield code="a">Indiana</subfield><subfield code="z">Kokomo.</subfield><subfield code="2">fast</subfield><subfield code="0">(OCoLC)fst01212580</subfield></datafield><datafield ind1=" " ind2="7" tag="655"><subfield code="a">Newspapers.</subfield><subfield code="2">fast</subfield><subfield code="0">(OCoLC)fst01423814</subfield></datafield><datafield ind1=" " ind2=" " tag="752"><subfield code="a">United States</subfield><subfield code="b">Indiana</subfield><subfield code="c">Howard</subfield><subfield code="d">Kokomo.</subfield></datafield><datafield ind1="0" ind2="0" tag="780"><subfield code="t">Herald newspaper (Kokomo, Ind. : 1983)</subfield><subfield code="w">(DLC)sn 99063525</subfield><subfield code="w">(OCoLC)43060396</subfield></datafield><datafield ind1="0" ind2="0" tag="785"><subfield code="t">Kokomo herald (Kokomo, Ind. : 1984)</subfield><subfield code="x">0746-8040</subfield><subfield code="w">(DLC)sn 84007947</subfield><subfield code="w">(OCoLC)10306442</subfield></datafield></record>